@book{koza92,
		author    = "Koza, John R.",
		title     = "Genetic Programming: On the Programming of Computers by Means of Natural Selection",
		publisher = "MIT Press",
		year      = "1992"
}


@misc{ wiki:latex,
       author = "Wikipedia",
       title = "LaTeX --- Wikipedia{,} La enciclopedia libre",
       year = "2015",
       url = "https://es.wikipedia.org/w/index.php?title=LaTeX&oldid=84209252",
       note = "[Internet; descargado 30-septiembre-2015]"
}

@misc{AndroidStudio,
       author = {},
       title = {Descarga de Android Studio},
       year = {},
       howpublished = {\url{https://developer.android.com/studio?hl=es-419}},
       note = {}
}

@misc{Flutter,
       author = {},
       title = {Descarga de Flutter SDK},
       year = {},
       howpublished = {\url{https://https://docs.flutter.dev/get-started/install}},
       note = {}
}
